<?xml version="1.0" encoding="UTF-8"?>
  <record xmlns="http://www.loc.gov/MARC21/slim" type="Authority">
    <leader>00000nz  a2200000nc 4500</leader>
    <controlfield tag="001">119252805</controlfield>
    <controlfield tag="003">DE-101</controlfield>
    <controlfield tag="005">20220311161539.0</controlfield>
    <controlfield tag="008">950524n||azznnaabn           | aaa    |c</controlfield>
    <datafield tag="024" ind1="7" ind2=" ">
      <subfield code="a">119252805</subfield>
      <subfield code="0">http://d-nb.info/gnd/119252805</subfield>
      <subfield code="2">gnd</subfield>
    </datafield>
    <datafield tag="024" ind1="7" ind2=" ">
      <subfield code="a">0000 0000 7972 1038</subfield>
      <subfield code="2">isni</subfield>
    </datafield>
    <datafield tag="035" ind1=" " ind2=" ">
      <subfield code="a">(DE-101)119252805</subfield>
    </datafield>
    <datafield tag="035" ind1=" " ind2=" ">
      <subfield code="a">(DE-588)119252805</subfield>
    </datafield>
    <datafield tag="035" ind1=" " ind2=" ">
      <subfield code="z">(DE-588)122761568X</subfield>
    </datafield>
    <datafield tag="035" ind1=" " ind2=" ">
      <subfield code="z">(DE-588)1146185618</subfield>
    </datafield>
    <datafield tag="035" ind1=" " ind2=" ">
      <subfield code="z">(DE-588a)119252805</subfield>
      <subfield code="9">v:zg</subfield>
    </datafield>
    <datafield tag="035" ind1=" " ind2=" ">
      <subfield code="z">(DE-588c)4377222-5</subfield>
      <subfield code="9">v:zg</subfield>
    </datafield>
    <datafield tag="040" ind1=" " ind2=" ">
      <subfield code="a">DE-386</subfield>
      <subfield code="c">DE-386</subfield>
      <subfield code="9">r:DE-576</subfield>
      <subfield code="b">ger</subfield>
      <subfield code="d">9999</subfield>
    </datafield>
    <datafield tag="042" ind1=" " ind2=" ">
      <subfield code="a">gnd1</subfield>
    </datafield>
    <datafield tag="043" ind1=" " ind2=" ">
      <subfield code="c">XA-NL</subfield>
      <subfield code="c">XA-DE</subfield>
    </datafield>
    <datafield tag="065" ind1=" " ind2=" ">
      <subfield code="a">3.6p</subfield>
      <subfield code="2">sswd</subfield>
    </datafield>
    <datafield tag="065" ind1=" " ind2=" ">
      <subfield code="a">4.7p</subfield>
      <subfield code="2">sswd</subfield>
    </datafield>
    <datafield tag="075" ind1=" " ind2=" ">
      <subfield code="b">p</subfield>
      <subfield code="2">gndgen</subfield>
    </datafield>
    <datafield tag="075" ind1=" " ind2=" ">
      <subfield code="b">piz</subfield>
      <subfield code="2">gndspec</subfield>
    </datafield>
    <datafield tag="079" ind1=" " ind2=" ">
      <subfield code="a">g</subfield>
      <subfield code="q">a</subfield>
      <subfield code="q">f</subfield>
      <subfield code="q">s</subfield>
      <subfield code="q">z</subfield>
      <subfield code="u">k</subfield>
      <subfield code="u">w</subfield>
    </datafield>
    <datafield tag="100" ind1="1" ind2=" ">
      <subfield code="a">Wittich, Christoph</subfield>
      <subfield code="d">1625-1687</subfield>
    </datafield>
    <datafield tag="375" ind1=" " ind2=" ">
      <subfield code="a">1</subfield>
      <subfield code="2">iso5218</subfield>
    </datafield>
    <datafield tag="400" ind1="1" ind2=" ">
      <subfield code="a">Wittich, Christophe</subfield>
      <subfield code="d">1625-1687</subfield>
    </datafield>
    <datafield tag="400" ind1="1" ind2=" ">
      <subfield code="a">Wittichius, Christoph</subfield>
      <subfield code="d">1625-1687</subfield>
    </datafield>
    <datafield tag="400" ind1="1" ind2=" ">
      <subfield code="a">Wittichius, Christoffel</subfield>
      <subfield code="d">1625-1687</subfield>
    </datafield>
    <datafield tag="400" ind1="1" ind2=" ">
      <subfield code="a">Gittichius, Christophorus</subfield>
      <subfield code="d">1625-1687</subfield>
    </datafield>
    <datafield tag="400" ind1="1" ind2=" ">
      <subfield code="a">Wittichius, Christophorus</subfield>
      <subfield code="d">1625-1687</subfield>
    </datafield>
    <datafield tag="400" ind1="1" ind2=" ">
      <subfield code="a">Wittig, Christoph</subfield>
      <subfield code="d">1625-1687</subfield>
    </datafield>
    <datafield tag="400" ind1="1" ind2=" ">
      <subfield code="a">Wittigius, Christophorus</subfield>
      <subfield code="d">1625-1687</subfield>
    </datafield>
    <datafield tag="500" ind1="1" ind2=" ">
      <subfield code="0">(DE-101)1031680942</subfield>
      <subfield code="0">(DE-588)1031680942</subfield>
      <subfield code="0">https://d-nb.info/gnd/1031680942</subfield>
      <subfield code="a">Wittich, Christoph</subfield>
      <subfield code="d">1588-1649</subfield>
      <subfield code="4">bezf</subfield>
      <subfield code="4">https://d-nb.info/standards/elementset/gnd#familialRelationship</subfield>
      <subfield code="w">r</subfield>
      <subfield code="i">Beziehung familiaer</subfield>
      <subfield code="e">Beziehung familiaer</subfield>
      <subfield code="9">v:Vater</subfield>
    </datafield>
    <datafield tag="548" ind1=" " ind2=" ">
      <subfield code="a">07.10.1625-19.05.1687</subfield>
      <subfield code="4">datx</subfield>
      <subfield code="4">https://d-nb.info/standards/elementset/gnd#dateOfBirthAndDeath</subfield>
      <subfield code="w">r</subfield>
      <subfield code="i">Exakte Lebensdaten</subfield>
    </datafield>
    <datafield tag="548" ind1=" " ind2=" ">
      <subfield code="a">1625-1687</subfield>
      <subfield code="4">datl</subfield>
      <subfield code="4">https://d-nb.info/standards/elementset/gnd#dateOfBirthAndDeath</subfield>
      <subfield code="w">r</subfield>
      <subfield code="i">Lebensdaten</subfield>
    </datafield>
    <datafield tag="550" ind1=" " ind2=" ">
      <subfield code="0">(DE-101)040597563</subfield>
      <subfield code="0">(DE-588)4059756-8</subfield>
      <subfield code="0">https://d-nb.info/gnd/4059756-8</subfield>
      <subfield code="a">Theologe</subfield>
      <subfield code="4">berc</subfield>
      <subfield code="4">https://d-nb.info/standards/elementset/gnd#professionOrOccupation</subfield>
      <subfield code="w">r</subfield>
      <subfield code="i">Charakteristischer Beruf</subfield>
    </datafield>
    <datafield tag="550" ind1=" " ind2=" ">
      <subfield code="0">(DE-101)040250989</subfield>
      <subfield code="0">(DE-588)4025098-2</subfield>
      <subfield code="0">https://d-nb.info/gnd/4025098-2</subfield>
      <subfield code="a">Historiker</subfield>
      <subfield code="4">beru</subfield>
      <subfield code="4">https://d-nb.info/standards/elementset/gnd#professionOrOccupation</subfield>
      <subfield code="w">r</subfield>
      <subfield code="i">Beruf</subfield>
    </datafield>
    <datafield tag="550" ind1=" " ind2=" ">
      <subfield code="0">(DE-101)040379450</subfield>
      <subfield code="0">(DE-588)4037945-0</subfield>
      <subfield code="0">https://d-nb.info/gnd/4037945-0</subfield>
      <subfield code="a">Mathematiker</subfield>
      <subfield code="4">beru</subfield>
      <subfield code="4">https://d-nb.info/standards/elementset/gnd#professionOrOccupation</subfield>
      <subfield code="w">r</subfield>
      <subfield code="i">Beruf</subfield>
    </datafield>
    <datafield tag="550" ind1=" " ind2=" ">
      <subfield code="0">(DE-101)041303229</subfield>
      <subfield code="0">(DE-588)4130322-2</subfield>
      <subfield code="0">https://d-nb.info/gnd/4130322-2</subfield>
      <subfield code="a">Prediger</subfield>
      <subfield code="4">beru</subfield>
      <subfield code="4">https://d-nb.info/standards/elementset/gnd#professionOrOccupation</subfield>
      <subfield code="w">r</subfield>
      <subfield code="i">Beruf</subfield>
    </datafield>
    <datafield tag="550" ind1=" " ind2=" ">
      <subfield code="a">Prof. Dr.</subfield>
      <subfield code="4">akad</subfield>
      <subfield code="4">https://d-nb.info/standards/elementset/gnd#academicDegree</subfield>
      <subfield code="w">r</subfield>
      <subfield code="i">Akademischer Grad</subfield>
    </datafield>
    <datafield tag="551" ind1=" " ind2=" ">
      <subfield code="0">(DE-101)040082520</subfield>
      <subfield code="0">(DE-588)4008252-0</subfield>
      <subfield code="0">https://d-nb.info/gnd/4008252-0</subfield>
      <subfield code="a">Brieg</subfield>
      <subfield code="4">ortg</subfield>
      <subfield code="4">https://d-nb.info/standards/elementset/gnd#placeOfBirth</subfield>
      <subfield code="w">r</subfield>
      <subfield code="i">Geburtsort</subfield>
    </datafield>
    <datafield tag="551" ind1=" " ind2=" ">
      <subfield code="0">(DE-101)040741184</subfield>
      <subfield code="0">(DE-588)4074118-7</subfield>
      <subfield code="0">https://d-nb.info/gnd/4074118-7</subfield>
      <subfield code="a">Leiden</subfield>
      <subfield code="4">orts</subfield>
      <subfield code="4">https://d-nb.info/standards/elementset/gnd#placeOfDeath</subfield>
      <subfield code="w">r</subfield>
      <subfield code="i">Sterbeort</subfield>
    </datafield>
    <datafield tag="551" ind1=" " ind2=" ">
      <subfield code="0">(DE-101)040244555</subfield>
      <subfield code="0">(DE-588)4024455-6</subfield>
      <subfield code="0">https://d-nb.info/gnd/4024455-6</subfield>
      <subfield code="a">Herborn</subfield>
      <subfield code="g">Lahn-Dill-Kreis</subfield>
      <subfield code="4">ortw</subfield>
      <subfield code="4">https://d-nb.info/standards/elementset/gnd#placeOfActivity</subfield>
      <subfield code="w">r</subfield>
      <subfield code="i">Wirkungsort</subfield>
    </datafield>
    <datafield tag="551" ind1=" " ind2=" ">
      <subfield code="0">(DE-101)040741184</subfield>
      <subfield code="0">(DE-588)4074118-7</subfield>
      <subfield code="0">https://d-nb.info/gnd/4074118-7</subfield>
      <subfield code="a">Leiden</subfield>
      <subfield code="4">ortw</subfield>
      <subfield code="4">https://d-nb.info/standards/elementset/gnd#placeOfActivity</subfield>
      <subfield code="w">r</subfield>
      <subfield code="i">Wirkungsort</subfield>
      <subfield code="9">Z:1671-1687</subfield>
    </datafield>
    <datafield tag="667" ind1=" " ind2=" ">
      <subfield code="a">12</subfield>
    </datafield>
    <datafield tag="667" ind1=" " ind2=" ">
      <subfield code="a">7</subfield>
    </datafield>
    <datafield tag="667" ind1=" " ind2=" ">
      <subfield code="a">VD-17</subfield>
    </datafield>
    <datafield tag="667" ind1=" " ind2=" ">
      <subfield code="a">aus LCAuth übernommen</subfield>
      <subfield code="5">E06 17.01.05</subfield>
      <subfield code="5">CH-ZuETHN</subfield>
    </datafield>
    <datafield tag="670" ind1=" " ind2=" ">
      <subfield code="a">WBIS</subfield>
    </datafield>
    <datafield tag="670" ind1=" " ind2=" ">
      <subfield code="a">Ueberweg, NUC, Brit. Mus.</subfield>
    </datafield>
    <datafield tag="672" ind1=" " ind2="0">
      <subfield code="a">Wittich, Christoph: Annotationes ad Renati Des-Cartes Meditationes</subfield>
      <subfield code="f">1688</subfield>
    </datafield>
    <datafield tag="672" ind1=" " ind2="0">
      <subfield code="a">Wittich, Christoph: Consensus veritatis in Scriptura divina ..</subfield>
      <subfield code="f">1659</subfield>
    </datafield>
    <datafield tag="672" ind1=" " ind2="0">
      <subfield code="a">Wittich, Christoph: Theologia pacifica</subfield>
      <subfield code="f">1675</subfield>
    </datafield>
    <datafield tag="672" ind1=" " ind2="0">
      <subfield code="a">Wittich, Christoph: Theologia pacifica defensa</subfield>
      <subfield code="f">1689</subfield>
    </datafield>
    <datafield tag="672" ind1=" " ind2="0">
      <subfield code="a">Wittich, Christoph: Anti-Spinoza, sive examen etices Benedicti de Spinoza</subfield>
      <subfield code="f">1690</subfield>
    </datafield>
    <datafield tag="672" ind1=" " ind2="0">
      <subfield code="a">Wittich, Christoph: Exercitationes theologicae</subfield>
      <subfield code="f">1682</subfield>
    </datafield>
    <datafield tag="672" ind1=" " ind2="0">
      <subfield code="a">Gronovius, Jacob: Laudatio funebris Chph. Wittichio</subfield>
      <subfield code="f">1687</subfield>
    </datafield>
    <datafield tag="672" ind1=" " ind2="0">
      <subfield code="a">Capsius, Liborius: Disputatio Metaphysica De Infinito Et Finito</subfield>
      <subfield code="f">1649</subfield>
    </datafield>
    <datafield tag="678" ind1=" " ind2=" ">
      <subfield code="b">Theologe, 1651 Professor der Mathematik in Herborn, 1653 Prediger und Professor zu Duisburg, 1655 Professor der Theologie in Nimwegen, 1671 ebenso in Leiden, Anhänger des Cartesius und des Coccejus, Gegner Spinozas, einige seiner Schriften wurden posthum von seinem Bruder ediert und veröffentlicht;  Antispinozist</subfield>
    </datafield>
    <datafield tag="913" ind1=" " ind2=" ">
      <subfield code="S">pnd</subfield>
      <subfield code="i">a</subfield>
      <subfield code="a">Wittich, Christoph (Theologe)</subfield>
      <subfield code="0">(DE-588a)119252805</subfield>
    </datafield>
  </record>
